@ARTICLE{9356353,
  author={Minaee, Shervin and Boykov, Yuri and Porikli, Fatih and Plaza, Antonio and Kehtarnavaz, Nasser and Terzopoulos, Demetri},
  journal={IEEE Transactions on Pattern Analysis and Machine Intelligence}, 
  title={Image Segmentation Using Deep Learning: A Survey}, 
  year={2022},
  volume={44},
  number={7},
  pages={3523-3542},
  doi={10.1109/TPAMI.2021.3059968}}

@ARTICLE{222795,
  author={Chua, L.O. and Roska, T.},
  journal={IEEE Transactions on Circuits and Systems I: Fundamental Theory and Applications}, 
  title={The CNN paradigm}, 
  year={1993},
  volume={40},
  number={3},
  pages={147-156},
  doi={10.1109/81.222795}}

@INPROCEEDINGS{8703316,
  author={Chauhan, Rahul and Ghanshala, Kamal Kumar and Joshi, R.C},
  booktitle={2018 First International Conference on Secure Cyber Computing and Communication (ICSCCC)}, 
  title={Convolutional Neural Network (CNN) for Image Detection and Recognition}, 
  year={2018},
  volume={},
  number={},
  pages={278-282},
  doi={10.1109/ICSCCC.2018.8703316}}

@InProceedings{He_2017_ICCV,
author = {He, Kaiming and Gkioxari, Georgia and Dollar, Piotr and Girshick, Ross},
title = {Mask R-CNN},
booktitle = {Proceedings of the IEEE International Conference on Computer Vision (ICCV)},
month = {Oct},
year = {2017}
} 

@article{KHAN202158,
title = {Attributes based skin lesion detection and recognition: A mask RCNN and transfer learning-based deep learning framework},
journal = {Pattern Recognition Letters},
volume = {143},
pages = {58-66},
year = {2021},
issn = {0167-8655},
doi = {https://doi.org/10.1016/j.patrec.2020.12.015},
url = {https://www.sciencedirect.com/science/article/pii/S0167865520304463},
author = {Muhammad Attique Khan and Tallha Akram and Yu-Dong Zhang and Muhammad Sharif},
keywords = {Skin cancer, Mask RCNN, Transfer learning, Optimal features, ELM},
}








